@inproceedings{ottoboni2018risk,
  title={Risk-Limiting Audits by Stratified Union-Intersection Tests of Elections ({SUITE})},
  author={Ottoboni, K. and P.B. Stark and M. Lindeman and N. McBurnett},
  booktitle={International Joint Conference on Electronic Voting},
  pages={174--188},
  year={2018},
  organization={Springer}
}

@article{sridhar_kcut_2018,
	title = {$k$-{Cut}: {A} {Simple} {Approximately}-{Uniform} {Method} for {Sampling} {Ballots} in {Post}-{Election} {Audits}},
	shorttitle = {k-{Cut}},
	url = {http://arxiv.org/abs/1811.08811},
	urldate = {2018-12-17},
	journal = {arXiv:1811.08811 [cs]},
	author = {Sridhar, M. and Rivest, R. L.},
	month = nov,
	year = {2018},
	keywords = {Computer Science - Data Structures and Algorithms},
}